@phdthesis{Paramteric_L-Systems,
 author = {Hanan, James Scott},
 advisor = {Prusinkiewicz, Przemyslaw},
 title = {Parametric L-systems and Their Application to the Modelling and Visualization of Plants},
 year = {1992},
 isbn = {0-315-83871-X},
 note = {AAINN83871},
 publisher = {The University of Regina (Canada)},
} 

@online{NoMansSky,
 title = {No Man's Sky},
 url = {https://www.nomanssky.com/},
 urldate = {2019-10-08}
}
