@article{becker2008a,
  author = {Steffen Becker and Heiko Koziolek and Ralf Reussner},
  title = {{The Palladio Component Model for Model-driven Performance Prediction}},
  journal = {Journal of Systems and Software},
  year = {2009},
  volume = {82},
  pages = {3--22},
  doi = {10.1016/j.jss.2008.03.066},
  publisher = {Elsevier Science Inc.},
  url = {http://dx.doi.org/10.1016/j.jss.2008.03.066}
}

@article{mittelbach2014,
  author = {Frank Mittelbach},
  title = {How to influence the position of float environments like figure and table in \LaTeX?},
  journal = {TUGboat},
  year = {2014},
  volume = {35},
  pages = {248--254},
  url = {https://www.latex-project.org/publications/tb111mitt-float.pdf},
}