
@book{Spezielle_Zoologie,
 title = {Spezielle Zoologie},
 subtitle = {Teil 2: Wirbel- oder Schädeltiere},
 author = {Westheide, Wilfried and Rieger, Reinhard},
 year = {2004},
 isbn = {3-8274-0307-3},
 publisher = {Spektrum Akademischer Verlag},
 address = {München}
}

@online{Ziva_Lion,
 title = {Ziva, Case Study: Zeke the Lion},
 url = {https://zivadynamics.com/case-study/lion},
 note = {Bildquelle: \url{https://www.animationmagazine.net/wordpress/wp-content/uploads/ziva-post2.jpg}},
 urldate = {2020-06-25}
}

@online{skeleton_set,
 title = {Halloween Skeleton Set},
 url = {https://de.aliexpress.com/item/4000127246703.html},
 urldate = {2020-06-25}
}

@online{background,
 title = {HDRI Haven},
 subtitle = {{$360^\circ$}-Bild einer kleinen Höhle},
 url = {https://hdrihaven.com/hdri/?c=nature&h=small_cave},
 urldate = {2020-05-20}
}

@book{Zoologie24Wehner,
 title = {Zoologie},
 author = {Wehner, Rüdiger and Gehring, Walter},
 edition = {24},
 year = {2007},
 isbn = {978-3-13-367424-9},
 publisher = {Georg Thieme Verlag},
 address = {Stuttgart}
}
